@misc{crohnsNHS,
    author    = "NHS",
    title     = "Crohn's disease - NHS",
    url       = "https://www.nhs.uk/conditions/crohns-disease/"
}

@misc{IBDStats,
    author    = "Crohn's and Colitis UK",
    title     = "New research shows over 1 in 123 people in UK living with Crohn’s or Colitis",
    url       = "https://crohnsandcolitis.org.uk/news-stories/news-items/new-research-shows-over-1-in-123-people-in-uk-living-with-crohn-s-or-colitis"
}

@misc{IBDCDC,
    author = "Centers for Disease Control and Prevention",
    title = "What is Inflammatory Bowel Disease? (IBD) | IBD",
    url="https://www.cdc.gov/ibd/what-is-IBD.htm"
}

@misc{UoNResearch,
  author = "University of Nottingham",
  title = "Rates of Crohn's and colitis have been vastly underestimated for decades, says new study",
  url="https://www.nottingham.ac.uk/news/rates-of-crohns-and-colitis-have-been-vastly-underestimated-for-decades-says-new-study",
}
@inproceedings{holland2019automatic,
  title={Automatic detection of bowel disease with residual networks},
  author={Holland, Robert and Patel, Uday and Lung, Phillip and Chotzoglou, Elisa and Kainz, Bernhard},
  booktitle={International Workshop on PRedictive Intelligence In MEdicine},
  pages={151--159},
  year={2019},
  organization={Springer}
}

@article{pham2000survey,
  title={A survey of current methods in medical image segmentation},
  author={Pham, Dzung L and Xu, Chenyang and Prince, Jerry L},
  journal={Annual review of biomedical engineering},
  volume={2},
  number={3},
  pages={315--337},
  year={2000}
}

@article{liu2021review,
  title={A review of deep-learning-based medical image segmentation methods},
  author={Liu, Xiangbin and Song, Liping and Liu, Shuai and Zhang, Yudong},
  journal={Sustainability},
  volume={13},
  number={3},
  pages={1224},
  year={2021},
  publisher={MDPI}
}

@article{minaee2021image,
  title={Image segmentation using deep learning: A survey},
  author={Minaee, Shervin and Boykov, Yuri Y and Porikli, Fatih and Plaza, Antonio J and Kehtarnavaz, Nasser and Terzopoulos, Demetri},
  journal={IEEE transactions on pattern analysis and machine intelligence},
  year={2021},
  publisher={IEEE}
}

@article{baumgart2012crohn,
  title={Crohn's disease},
  author={Baumgart, Daniel C and Sandborn, William J},
  journal={The Lancet},
  volume={380},
  number={9853},
  pages={1590--1605},
  year={2012},
  publisher={Elsevier}
}

@inproceedings{ronneberger2015u,
  title={U-net: Convolutional networks for biomedical image segmentation},
  author={Ronneberger, Olaf and Fischer, Philipp and Brox, Thomas},
  booktitle={International Conference on Medical image computing and computer-assisted intervention},
  pages={234--241},
  year={2015},
  organization={Springer}
}

@article{isensee2021nnu,
  title={nnU-Net: a self-configuring method for deep learning-based biomedical image segmentation},
  author={Isensee, Fabian and Jaeger, Paul F and Kohl, Simon AA and Petersen, Jens and Maier-Hein, Klaus H},
  journal={Nature methods},
  volume={18},
  number={2},
  pages={203--211},
  year={2021},
  publisher={Nature Publishing Group}
}


@article{hoarau2016bacteriome,
  title={Bacteriome and mycobiome interactions underscore microbial dysbiosis in familial Crohn’s disease},
  author={Hoarau, Gautier and Mukherjee, PK and Gower-Rousseau, C and Hager, C and Chandra, J and Retuerto, MA and Neut, Christel and Vermeire, S{\'e}verine and Clemente, J and Colombel, Jean-Frederic and others},
  journal={MBio},
  volume={7},
  number={5},
  pages={e01250--16},
  year={2016},
  publisher={Am Soc Microbiol}
}
@article{feuerstein2021aga,
  title={AGA clinical practice guidelines on the medical management of moderate to severe luminal and perianal fistulizing Crohn’s disease},
  author={Feuerstein, Joseph D and Ho, Edith Y and Shmidt, Eugenia and Singh, Harminder and Falck-Ytter, Yngve and Sultan, Shanaz and Terdiman, Jonathan P and Sultan, Shahnaz and Cohen, Benjamin L and Chachu, Karen and others},
  journal={Gastroenterology},
  volume={160},
  number={7},
  pages={2496--2508},
  year={2021},
  publisher={Elsevier}
}

@article{bruining2018consensus,
  title={Consensus recommendations for evaluation, interpretation, and utilization of computed tomography and magnetic resonance enterography in patients with small bowel Crohn’s disease},
  author={Bruining, David H and Zimmermann, Ellen M and Loftus Jr, Edward V and Sandborn, William J and Sauer, Cary G and Strong, Scott A and Al-Hawary, Mahmoud and Anupindi, Sudha and Baker, Mark E and Bruining, David and others},
  journal={Gastroenterology},
  volume={154},
  number={4},
  pages={1172--1194},
  year={2018},
  publisher={Elsevier}
}

@article{lundervold2019overview,
  title={An overview of deep learning in medical imaging focusing on MRI},
  author={Lundervold, Alexander Selvikv{\aa}g and Lundervold, Arvid},
  journal={Zeitschrift f{\"u}r Medizinische Physik},
  volume={29},
  number={2},
  pages={102--127},
  year={2019},
  publisher={Elsevier}
}

@mastersthesis{KeXu2021,
  author  = {Ke Xu},
  school  = {Imperial College London},
  title   = {Tackling Crohn's disease using deep learning},
  year    = {September 2021}
}

